% This file was created with JabRef 2.5.
% Encoding: UTF-8

@BOOK{Barth08,
  title = {Nagios - System- und Netzwerk-Monitoring},
  publisher = {Open Source Press, München},
  year = {2008},
  author = {Wolfgang Barth},
  owner = {paul},
  timestamp = {25.05.2009}
  key = "Chicago"

}

@BOOK{DMS08,
  title = {Dokumenten-Management - Informationen im Unternehmen effizient nutzen},
  publisher = {dpunkt.verlag GmbH, Heidelberg},
  year = {2008},
  author = {Götzer; Schmale; Maier; Komke},
  owner = {paul},
  timestamp = {25.06.2009}
    key = "Chicago"
}	
%	
%	 \bibitem[DMS08]{DMS08}Götzer; Schmale; Maier; Komke (2008) "`Dokumenten-Management - Informationen im Unternehmen effizient nutzen"' 4. Auflage,\\
%	 ,  
%	 ISBN13: 978-3-89864-529-4,\\
%	 Stand: ????, Einsichtnahme: 25.06.2009
%
%	 \bibitem[Barth08]{Barth08}Wolfgang Barth (2008) "`Nagios - System- und Netzwerk-Monitoring"' 2. Auflage, \\
%	 ISBN13: 978-3-937514-46-8, \\
%	 Stand: ????, Einsichtnahme: 25.05.2009
%	 
%	 \bibitem[Huff06]{Huff06}Brian Huff (2006) "`The Definitive Guide to Stellent Content Server Development"', \newline ISBN13: 978-1-59059-684-5, \newline Stand: ????, Einsichtnahme: 25.05.2009
%
%	 \bibitem[Jose07]{Jose07}David Josephsen (2007) "`Bulding a monitoring infrastructure with Nagios"', \newline ISBN13: 0-132-23693-1, \newline Stand: ????, Einsichtnahme: 16.06.2009
%
%	 \bibitem[SOA07]{SOA07}Hurwitz; Bloor; Baroudi; Kaufman; (2007) "`Service Oriented Architecture For Dummies"', \newline ISBN13: 978-0-470-05435-2, \newline Stand: ????, Einsichtnahme: 29.07.2009
%	 
%		 \bibitem[Melzer08]{Melzer08}Ingo Melzer (2007) "`Service-orientierte Architekturen mit Web Services: Konzepte - Standards - Praxis"', \newline ISBN13: 978-9-8274-1993-4, \newline Stand: ????, Einsichtnahme: 29.07.2009	 
%		 
%		 	 \bibitem[Munin08]{Mu08} Gabriele Pohl und Michael Renner (2008) 
%	 "`Munin - Graphisches Netzwerk- und System-Monitoring"', \newline ISBN13: 978-3-937514-48-2, Einsichtnahme: 05.04.2009\\	
%	 	
%%\paragraph{Internetquellen}
%	 
%	 \bibitem[UCM07]{UCM07} Ohne Verfasser (2007) "`Oracle Application Server Documentation Libary - Oracle Content Management 10gR3"', \\ Quelle: \url{http://download-west.oracle.com/docs/cd/E10316_01/cs/cs_doc_10/documentation/integrator/getting_started_10en.pdf} \newline Stand: unbekannt, Einsichtnahme: 16.06.2009
%	 
%	 	 \bibitem[UCMlog09]{UCMlog09} Unbekannter Author "`vramanat"' (2009) "`Universal Content Management 10gR3 - Content Server Log File Information"', \\ Quelle: \url{http://www.oracle.com/technology/products/content-management/cdbs/loginfo.pdf} \newline Stand: 20.01.2009, Einsichtnahme: 05.06.2009
%	 	 
%	 	 \bibitem[OraPress]{OraPress} Letty Ledbetter (2009) "`Oracle Press Release - Oracle Buys Stellent"', \\ Quelle: \url{http://www.oracle.com/corporate/press/2006_nov/stellent.html} \newline Stand: 02.11.2006, Einsichtnahme: 16.06.2009
%	 	 
%	 	 	 \bibitem[W3WS04]{W3WS04} Booth; Haas; McCabe u.a. (2004) "`Web Services Architecture - W3C Working Group Note 11 February 2004"', \\ Quelle: \url{http://www.w3.org/TR/ws-arch/wsa.pdf} \newline Stand: 11.02.2004, Einsichtnahme: 29.07.2009
% 	
% 		 	 	 \bibitem[NagiosFAQ]{NagiosFAQ} Ethan Galstad (2009) "`	What does Nagios mean?"', \\ Quelle: \url{http://support.nagios.com/knowledgebase/faqs/index.php?option=com\_content&view=article&id=52&catid=35&faq\_id=2&expand=false&showdesc=true	} \newline Stand: 02.06.2009, Einsichtnahme: 09.06.2009 
%	 	 
%
% 
%	 	 
%\end{thebibliography}

